% Encoding: UTF-8

%%%
%
%Beim Erstellen der Bibtex-Datei wird empfohlen darauf zu achten, dass die DOI aufgeführt wird.
%
%%%

@Book{WSPA,
  author    = {Sanjiva Weerawarana and Francisco Curbera and Frank Leymann and Tony Storey and Donald F. Ferguson},
  title     = {Web Services Platform Architecture : SOAP, WSDL, WS-Policy, WS-Addressing, WS-BPEL, WS-Reliable Messaging, and More},
  year      = {2005},
  publisher = {Prentice Hall PTR},
  isbn      = {0131488740},
  doi       = {10.1.1/jpb001},
}


% !! DO NOT USE `label =   {ASF}` in other Misc entries !!

@Misc{ApacheODE,
  author = {{The Apache Software Foundation}},
  title =  {Apache ODE\texttrademark{} -- The Orchestration Director Engine},
  year =   {2016},
  label =  {ASF},
  url =    {http://ode.apache.org}
}

@Article{RVvdA2016,
  author =    {H.A. Reijers and I. Vanderfeesten and W.M.P. van der Aalst},
  title =     {The effectiveness of workflow management systems: A longitudinal study},
  journal =   {International Journal of Information Management},
  year =      {2016},
  volume =    {36},
  number =    {1},
  pages =     {126--141},
  month =     feb,
  doi =       {10.1016/j.ijinfomgt.2015.08.003},
  publisher = {Elsevier {BV}}
}


@article{Bosch,
  author = "H. Bosch and D. Thom and M. Worner and S. Koch, E. Puttmann and D. Jackle and T. Ertl",
  title = "Scatterblogs: Geo-spatial document analysis",
  year = "2011",
  journal = " In Visual Analytics Science and Technology (VAST), 2011 IEEE Conference",
  pages = "309--310",
}

@article{Atomicity,
  author = "Brahim Medjahed and Mourad Ouzzani and Ahmed Elmagarmid",
  title = "Generalization of ACID Properties",
  year = "2009",
  note  = "Purdue University,  Cyber Center Publications",
  url = "https://docs.lib.purdue.edu/cgi/viewcontent.cgi?article=1107&context=ccpubs"
}

@article{Salt,
  author = "Stefan Tai, Jacob Eberhardt and Markus Klems",
  title = "Not ACID, not BASE, but SALT A Transaction Processing Perspective on Blockchains",
  year = "2017",
  note = "Information Systems Engineering, Technische Universitat Berlin",
  url = "http://www.ise.tu-berlin.de/fileadmin/fg308/publications/2017/2017-tai-eberhardt-klems-SALT.pdf"
}

@article{BC,
  author = "M. Crosby, Nachiappan, P. and Sanjeev Verma, V. Kalyanaraman",
  title = "BlockChain Technology Beyond Bitcoin",
  year = "2015",
  month = Oct,
  doi = {2015.10.16},
  url = "http://scet.berkeley.edu/wpcontent/uploads/BlockchainPaper.pdf"
}

@article{PLB,
  author = "TIAGO M. FERNÁNDEZ-CARAMÉS and PAULA FRAGA-LAMAS",
  title = "A Review on the Use of Blockchain for the Internet of Things",
  year = "2018",
  month = May,
  doi = {10.1109/ACCESS.2018.2842685},
  url = "https://ieeexplore.ieee.org/stamp/stamp.jsp?arnumber=8370027"
}

@article{HF,
  author = "Elli Androulaki and Artem Barger and Vita Bortnikov and Christian Cachin and Konstantinos Christidis and Angelo De Caro and David Enyeart and  Christopher Ferris and Gennady Laventman and Yacov Manevicha and Srinivasan Muralidharan and Chet Murthy and Binh Nguyen and Manish Sethi and Gari Singh and Keith Smith and Alessandro Sorniotti and Chrysoula Stathakopoulou and Marko Vukolić and
  
  Sharon Weed Cocco and Jason Yellick",
  title = "Hyperledger Fabric: A Distributed Operating System for Permissioned Blockchains",
  year = "2018",
  month = "April",
  doi = {arXiv:1801.10228v2 [cs.DC]},
}


@Comment{jabref-meta: databaseType:biblatex;}
